@article{genetic_epidemiology, 
	author="Compston.A",
	title="Genetic epidemiology in multiple sclerosis",
	year="1998",
	address="London, Churchill Livingstone"
}
